@online{ASLRoboticHand,
  title        = {{{ASL Robotic Hand}} ({{Left}})},
  author       = {Roboflex},
  url          = {https://www.instructables.com/ASL-Robotic-Hand-Left/},
  urldate      = {2023-07-05},
  abstract     = {ASL Robotic Hand (Left) : The project this semester was to create a 3-D printedrobotic left hand that is capable of demonstrating American Sign Language alphabet for deaf and hearing impaired people in a classroom setting. The accessibility to demonstrate American Sign Langu…},
  langid       = {english},
  organization = {{Instructables}},
}

@online{donald3DPrintedRobotic2017,
  title        = {{{3D Printed Robotic Arms For Sign Language}}},
  author       = {Donald, Papp},
  date         = {2017-08-24T11:00:35+00:00},
  url          = {https://hackaday.com/2017/08/24/3d-printed-robotic-arms-for-sign-language/},
  urldate      = {2023-07-05},
  abstract     = {A team of students in Antwerp, Belgium are responsible for~Project Aslan, which is exploring the feasibility of using 3D printed robotic arms for assisting with and translating sign language.~The i…},
  langid       = {american},
  organization = {{Hackaday}},
}
